@inproceedings{shahaf2010connecting,
  title={Connecting the dots between news articles},
  author={Shahaf, Dafna and Guestrin, Carlos},
  booktitle={Proceedings of the 16th ACM SIGKDD international conference on Knowledge discovery and data mining},
  pages={623--632},
  year={2010},
  organization={ACM}
}

@inproceedings{shahaf2012metro,
  title={Metro maps of science},
  author={Shahaf, Dafna and Guestrin, Carlos and Horvitz, Eric},
  booktitle={Proceedings of the 18th ACM SIGKDD international conference on Knowledge discovery and data mining},
  pages={1122--1130},
  year={2012},
  organization={ACM}
}