@inproceedings{denker1989neural,
  title={Neural network recognizer for hand-written zip code digits},
  author={Denker, John S and Gardner, WR and Graf, Hans Peter and Henderson, Donnie and Howard, RE and Hubbard, W and Jackel, Lawrence D and Baird, Henry S and Guyon, Isabelle},
  booktitle={Advances in neural information processing systems},
  pages={323--331},
  year={1989}
}

@inproceedings{lecun1990handwritten,
  title={Handwritten digit recognition with a back-propagation network},
  author={LeCun, Yann and Boser, Bernhard E and Denker, John S and Henderson, Donnie and Howard, Richard E and Hubbard, Wayne E and Jackel, Lawrence D},
  booktitle={Advances in neural information processing systems},
  pages={396--404},
  year={1990}
}

@article{lecun2015deep,
  title={Deep learning},
  author={LeCun, Yann and Bengio, Yoshua and Hinton, Geoffrey},
  journal={nature},
  volume={521},
  number={7553},
  pages={436},
  year={2015},
  publisher={Nature Publishing Group}
}

@inproceedings{krizhevsky2012imagenet,
  title={Imagenet classification with deep convolutional neural networks},
  author={Krizhevsky, Alex and Sutskever, Ilya and Hinton, Geoffrey E},
  booktitle={Advances in neural information processing systems},
  pages={1097--1105},
  year={2012}
}

@article{karpathy2016unreasonable,
  title={The unreasonable effectiveness of recurrent neural networks},
  author={Karpathy, Andrej},
  journal={URL http://karpathy. github. io/2015/05/21/rnn-effectiveness},
  year={2015}
}

@article{titcomb2016google,
  title={Google unleashes machine dreaming software on the public, nightmarish images flood the internet},
  author={Titcomb, James},
  journal={URL https://www.telegraph.co.uk/technology/google/11712495/Google-unleashes-machine-dreaming-software-on-the-public-nightmarish-images-flood-the-internet.html},
  year={2015}
}

@article{silver2016mastering,
  title={Mastering the game of Go with deep neural networks and tree search},
  author={Silver, David and Huang, Aja and Maddison, Chris J and Guez, Arthur and Sifre, Laurent and Van Den Driessche, George and Schrittwieser, Julian and Antonoglou, Ioannis and Panneershelvam, Veda and Lanctot, Marc and others},
  journal={nature},
  volume={529},
  number={7587},
  pages={484--489},
  year={2016},
  publisher={Nature Research}
}

@article{britz2015recurrent,
  title={Recurrent Neural Networks Tutorial, Part 3 â€“ Backpropagation Through Time and Vanishing Gradients},
  author={Britz, Denny},
  journal={URL http://www.wildml.com/2015/10/recurrent-neural-networks-tutorial-part-3-backpropagation-through-time-and-vanishing-gradients/},
  year={2015}
}

@article{olah2015understanding,
  title={Understanding LSTM Networks},
  author={Olah, Chris},
  journal={URL http://colah.github.io/posts/2015-08-Understanding-LSTMs/}.
  year={2015}
}

@article{tyka2015inceptionism,
  title={Inceptionism: Going deeper into neural networks},
  author={Tyka, Mike},
  journal={URL https://research.googleblog.com/2015/06/inceptionism-going-deeper-into-neural.html},
  year={2015}
}

@article{simonyan2013deep,
  title={Deep inside convolutional networks: Visualising image classification models and saliency maps},
  author={Simonyan, Karen and Vedaldi, Andrea and Zisserman, Andrew},
  journal={arXiv preprint arXiv:1312.6034},
  year={2013}
}

@article{karpathy2016deep,
  title={Deep Reinforcement Learning: Pong from Pixels},
  author={Karpathy, Andrej},
  journal={URL http://karpathy.github.io/2016/05/31/rl/},
  year={2016}
}

@article{khurshudov2015suddenly,
  title={Suddenly, a leopard print appears},
  author={Khurshudov, Artem},
  journal={URL http://rocknrollnerd.github.io/ml/2015/05/27/leopard-sofa.html},
  year={2015}
}

@article{curtis2015google,
  title={Google Photos labels black people as 'gorillas'},
  author={Curtis, Sophie},
  journal={URL https://www.telegraph.co.uk/technology/google/11710136/Google-Photos-assigns-gorilla-tag-to-photos-of-black-people.html},
  year={2015}
}