@inproceedings{tatti2012long,
  title={The long and the short of it: summarising event sequences with serial episodes},
  author={Tatti, Nikolaj and Vreeken, Jilles},
  booktitle={Proceedings of the 18th ACM SIGKDD international conference on Knowledge discovery and data mining},
  pages={462--470},
  year={2012},
  organization={ACM}
}

@inproceedings{fowkes2016subsequence,
  title={A subsequence interleaving model for sequential pattern mining},
  author={Fowkes, Jaroslav and Sutton, Charles},
  booktitle={Proceedings of the 22nd ACM SIGKDD International Conference on Knowledge Discovery and Data Mining},
  pages={835--844},
  year={2016},
  organization={ACM}
}

@inproceedings{bhattacharyya2017efficiently,
  title={Efficiently summarising event sequences with rich interleaving patterns},
  author={Bhattacharyya, Apratim and Vreeken, Jilles},
  booktitle={Proceedings of the 2017 SIAM International Conference on Data Mining},
  pages={795--803},
  year={2017},
  organization={SIAM}
}

@article{lam2014mining,
  title={Mining compressing sequential patterns},
  author={Lam, Hoang Thanh and M{\"o}rchen, Fabian and Fradkin, Dmitriy and Calders, Toon},
  journal={Statistical Analysis and Data Mining: The ASA Data Science Journal},
  volume={7},
  number={1},
  pages={34--52},
  year={2014},
  publisher={Wiley Online Library}
}