@inproceedings{vreeken2015causal,
  title={Causal inference by direction of information},
  author={Vreeken, Jilles},
  booktitle={Proceedings of the 2015 SIAM International Conference on Data Mining},
  pages={909--917},
  year={2015},
  organization={SIAM}
}

@inproceedings{heikinheimo2007finding,
  title={Finding low-entropy sets and trees from binary data},
  author={Heikinheimo, Hannes and Hinkkanen, Eino and Mannila, Heikki and Mielik{\"a}inen, Taneli and Sepp{\"a}nen, Jouni K},
  booktitle={Proceedings of the 13th ACM SIGKDD international conference on Knowledge discovery and data mining},
  pages={350--359},
  year={2007},
  organization={ACM}
}

@article{marx2017causal,
  title={Causal Inference on Multivariate Mixed-Type Data by Minimum Description Length},
  author={Marx, Alexander and Vreeken, Jilles},
  journal={arXiv preprint arXiv:1702.06385},
  year={2017}
}